<record><leader>00000cas a2200000 i 4500</leader><controlfield tag="001">867569484</controlfield><controlfield tag="006">m     o  d        </controlfield><controlfield tag="007">cr |||||||||||</controlfield><controlfield tag="008">140106c19889999wauwr n o     0    0chi c</controlfield><datafield ind1=" " ind2=" " tag="010"><subfield code="a">  2014252053</subfield></datafield><datafield ind1=" " ind2=" " tag="040"><subfield code="a">WAU</subfield><subfield code="b">eng</subfield><subfield code="c">WAU</subfield><subfield code="d">OCLCF</subfield><subfield code="d">OCLCA</subfield></datafield><datafield ind1=" " ind2=" " tag="066"><subfield code="c">$1</subfield></datafield><datafield ind1="0" ind2=" " tag="041"><subfield code="a">chi</subfield><subfield code="a">eng</subfield></datafield><datafield ind1=" " ind2=" " tag="042"><subfield code="a">pcc</subfield></datafield><datafield ind1=" " ind2=" " tag="043"><subfield code="a">n-us-wa</subfield></datafield><datafield ind1="0" ind2=" " tag="130"><subfield code="6">880-01</subfield><subfield code="a">Hua sheng bao (Seattle, Wash.)</subfield></datafield><datafield ind1="0" ind2="0" tag="245"><subfield code="6">880-02</subfield><subfield code="a">Hua sheng bao =</subfield><subfield code="b">Asia today.</subfield></datafield><datafield ind1="3" ind2=" " tag="246"><subfield code="a">Hua sheng</subfield></datafield><datafield ind1="3" ind2="1" tag="246"><subfield code="a">Asia today</subfield></datafield><datafield ind1=" " ind2=" " tag="260"><subfield code="a">Seattle, Washington :</subfield><subfield code="b">Asia Today</subfield></datafield><datafield ind1=" " ind2=" " tag="310"><subfield code="a">Weekly</subfield></datafield><datafield ind1=" " ind2=" " tag="336"><subfield code="a">text</subfield><subfield code="b">txt</subfield><subfield code="2">rdacontent</subfield></datafield><datafield ind1=" " ind2=" " tag="337"><subfield code="a">computer</subfield><subfield code="b">c</subfield><subfield code="2">rdamedia</subfield></datafield><datafield ind1=" " ind2=" " tag="338"><subfield code="a">online resource</subfield><subfield code="b">cr</subfield><subfield code="2">rdacarrier</subfield></datafield><datafield ind1="1" ind2=" " tag="362"><subfield code="a">Print began with: Vol.1, no. 82 (Feb. 9, 1988).</subfield></datafield><datafield ind1=" " ind2=" " tag="546"><subfield code="a">Primarily in Chinese with occasional articles in English.</subfield></datafield><datafield ind1=" " ind2=" " tag="588"><subfield code="a">Description based on: August 18th, 2011; title from HTML issue header (publisher's website, viewed Jan. 6, 2014).</subfield></datafield><datafield ind1=" " ind2=" " tag="588"><subfield code="a">Latest issue consulted: January 2nd, 2014 (publisher's website, viewed Jan. 6, 2014).</subfield></datafield><datafield ind1=" " ind2="0" tag="650"><subfield code="a">Chinese Americans</subfield><subfield code="z">Washington (State)</subfield><subfield code="z">Seattle</subfield><subfield code="v">Newspapers.</subfield></datafield><datafield ind1=" " ind2="0" tag="651"><subfield code="a">Seattle (Wash.)</subfield><subfield code="v">Newspapers.</subfield></datafield><datafield ind1=" " ind2="7" tag="655"><subfield code="a">Newspapers.</subfield><subfield code="2">fast</subfield><subfield code="0">(OCoLC)fst01423814</subfield></datafield><datafield ind1=" " ind2="7" tag="650"><subfield code="a">Chinese Americans.</subfield><subfield code="2">fast</subfield><subfield code="0">(OCoLC)fst00857249</subfield></datafield><datafield ind1=" " ind2="7" tag="651"><subfield code="a">Washington (State)</subfield><subfield code="z">Seattle.</subfield><subfield code="2">fast</subfield><subfield code="0">(OCoLC)fst01204940</subfield></datafield><datafield ind1=" " ind2=" " tag="752"><subfield code="a">United States</subfield><subfield code="b">Washington</subfield><subfield code="c">King</subfield><subfield code="d">Seattle.</subfield></datafield><datafield ind1="0" ind2="8" tag="776"><subfield code="i">Print version:</subfield><subfield code="t">Hua sheng bao (Seattle, Wash.)</subfield><subfield code="w">(DLC)sn 95061077</subfield><subfield code="w">(OCoLC)25727480</subfield></datafield><datafield ind1="0" ind2="0" tag="780"><subfield code="6">880-03</subfield><subfield code="a">Zhong sheng bao</subfield></datafield><datafield ind1="4" ind2="0" tag="856"><subfield code="u">http://www.asiatoday.us/</subfield></datafield><datafield ind1="0" ind2=" " tag="880"><subfield code="6">130-01/$1</subfield><subfield code="a">&#33775;&#32882;&#22577; (Seattle, Wash.)</subfield></datafield><datafield ind1="0" ind2="0" tag="880"><subfield code="6">245-02/$1</subfield><subfield code="a">&#33775;&#32882;&#22577; =</subfield><subfield code="b">Asia today.</subfield></datafield><datafield ind1="0" ind2="0" tag="880"><subfield code="6">780-03/$1</subfield><subfield code="t">&#30526;&#32882;&#22577;</subfield></datafield></record>